<?xml version="1.0" encoding="UTF-8"?><collection xmlns="http://www.loc.gov/MARC21/slim"><record><leader>00516nam--2200193-u-4500</leader><controlfield tag="001">000056572</controlfield><controlfield tag="002">20161230</controlfield><controlfield tag="005">20161230201052</controlfield><controlfield tag="008">160115s1000------------r-----000-0-eng-d</controlfield><datafield ind1=" " ind2=" " tag="040"><subfield code="a">IFIN-HH</subfield></datafield><datafield ind1=" " ind2=" " tag="080"><subfield code="a">519.65</subfield></datafield><datafield ind1="1" ind2=" " tag="100"><subfield code="a">Traub,J.F</subfield></datafield><datafield ind1="1" ind2="0" tag="245"><subfield code="a">A General Theory of Optimal Algorithms</subfield><subfield code="c">J.F. Traub, H. Wozniakowski</subfield></datafield><datafield ind1=" " ind2=" " tag="260"><subfield code="a">New York</subfield><subfield code="b">Academic Press</subfield><subfield code="c">1980</subfield></datafield><datafield ind1=" " ind2=" " tag="300"><subfield code="a">xiv+341p</subfield></datafield><datafield ind1=" " ind2=" " tag="490"><subfield code="a">ACM Monograph Series</subfield></datafield><datafield ind1="1" ind2=" " tag="700"><subfield code="a">Wozniakowski, H</subfield></datafield><datafield ind1=" " ind2=" " tag="852"><subfield code="a">49124</subfield><subfield code="c">519.4/5</subfield></datafield><datafield ind1=" " ind2=" " tag="CAT"><subfield code="a">Sys</subfield><subfield code="c">20160115</subfield><subfield code="h">104817</subfield></datafield></record></collection>